<?xml version="1.0" encoding="UTF-8"?><record xmlns="http://www.loc.gov/MARC21/slim" xmlns:cinclude="http://apache.org/cocoon/include/1.0" xmlns:zs="http://www.loc.gov/zing/srw/">
  <leader>00585nz  a2200145n  4500</leader>
  <controlfield tag="001">n 2011205612</controlfield>
  <controlfield tag="003">DLC</controlfield>
  <controlfield tag="005">20110212074955.0</controlfield>
  <controlfield tag="008">110211n| acannaabn          |a aaa      </controlfield>
  <datafield tag="010" ind1=" " ind2=" ">
    <subfield code="a">n 2011205612</subfield>
  </datafield>
  <datafield tag="040" ind1=" " ind2=" ">
    <subfield code="a">DLC</subfield>
    <subfield code="b">eng</subfield>
    <subfield code="c">DLC</subfield>
  </datafield>
  <datafield tag="100" ind1="1" ind2=" ">
    <subfield code="a">Tenório, João,</subfield>
    <subfield code="d">1943-</subfield>
  </datafield>
  <datafield tag="400" ind1="1" ind2=" ">
    <subfield code="a">Costa Tenório, João Evangelista,</subfield>
    <subfield code="d">1943-</subfield>
  </datafield>
  <datafield tag="670" ind1=" " ind2=" ">
    <subfield code="a">Subcomissão dos Biocombustíveis, 2007:</subfield>
    <subfield code="b">t.p. (João Tenório)</subfield>
  </datafield>
  <datafield tag="670" ind1=" " ind2=" ">
    <subfield code="a">João Tenório website, viewed Feb. 11, 2011:</subfield>
    <subfield code="b">(João Tenório, Brazilian politic; complete name: João Evangelista da Costa Tenório; b. Oct. 25, 1943, in Atalaia, AL)</subfield>
  </datafield>
</record>